@article{Soleymani_TDS_04_01_2022,
  author = {Soleymani, Ali},
  title = {Stop Using SMOTE to Treat Class Imbalance},
   journal = {Towards Data Science},
   date = 2022,
  month = apr,
  day = 1,
  url = {https://towardsdatascience.com/stop-using-smote-to-treat-class-imbalance-take-this-intuitive-approach-instead-9cb822b8dc45},
  urldate = {2022-06-29}
}

@article{Raj_TDS_09_05_19,
  author = {Raj, Judy},
  title = {What to Do When Your Classification Data is Imbalanced},
   journal = {Towards Data Science},
  year = 2019,
  url = {https://towardsdatascience.com/what-to-do-when-your-classification-dataset-is-imbalanced-6af031b12a36},
  urldate = {2022-07-01}
}

@article{Soni_TDS_10_09_20,
  author = {Soni, Pranjal},
  title = {Handling Imbalanced Datasets with imblearn Library},
   journal = {Towards Data Science},
  year=2020,
  month = oct,
  day = 20,
  url = {https://medium.com/thecyphy/handling-imbalanced-datasets-with-imblearn-library-df5e58b968f4},
  urldate = {2022-07-01}
}

@article{Brownlee_TDS_11_26_14,
  author = {Brownlee, Jason},
  title = {Assessing and Comparing Classifier Performance with ROC Curves},
   journal = {Towards Data Science},
  year = 2014,
  url = {https://machinelearningmastery.com/assessing-comparing-classifier-performance-roc-curves-2/},
  urldate = {2022-07-01}
}

@article{Brownlee_TDS_08_19_15,
  author = {Brownlee, Jason},
  title = {8 Tactics to Combat Imbalanced Classes in Your Machine Learning Dataset},
   journal = {Towards Data Science},
  year = 2015,
  url = {https://machinelearningmastery.com/tactics-to-combat-imbalanced-classes-in-your-machine-learning-dataset/},
  urldate = {2022-07-01}
}

@article{Stewart_TDS_07_01_22,
  author = {Stewart, Patrick},
  title = {What data scientists keep missing about imbalanced datasets},
   journal = {Towards Data Science},
  year = 2021,
  url = {https://medium.com/mlearning-ai/what-data-scientists-keep-missing-about-imbalanced-datasets-d1f10e808297},
  urldate = {2022-07-01}
}

@article{Bordia_TDS_02_25_22,
  author = {Bordia, Ansh},
  title = {Handling Imbalanced Data by Oversampling with SMOTE and its Variants},
   journal = {Towards Data Science},
  year = 2022,
  url = {https://medium.com/analytics-vidhya/handling-imbalanced-data-by-oversampling-with-smote-and-its-variants-23a4bf188eaf},
  urldate = {2022-07-01}
}

@article{Boyle_TDS_02_03_19,
  author = {Boyle, Tara},
  title = {Dealing with Imbalanced Data},
   journal = {Towards Data Science},
  year = 2019,
  url = {https://towardsdatascience.com/methods-for-dealing-with-imbalanced-data-5b761be45a18},
  urldate = {2022-07-01}
}

@article{Badr_TDS_02_22_19,
  author = {Badr, Will},
  title = {Having an Imbalanced Dataset? Here Is How You Can Fix It},
   journal = {Towards Data Science},
  year = 2019,
  url = {https://towardsdatascience.com/having-an-imbalanced-dataset-here-is-how-you-can-solve-it-1640568947eb},
  urldate = {2022-07-01}
}

@article{Rocca_01_27_19,
  author = {Rocca, Baptiste},
  title = {Handling Imbalanced Datasets in Machine Learning},
   journal = {Towards Data Science},
  year = 2019,
  url = {https://towardsdatascience.com/handling-imbalanced-datasets-in-machine-learning-7a0e84220f28},
  urldate = {2022-07-01}
}

@article{Lador_TDS_09_05_17,
  author = {Lador, Shir Meir},
  title = {What metrics should be used for evaluating a model on an imbalanced data set? (precision + recall or ROC=TPR+FPR)},
   journal = {Towards Data Science},
  year = 2017,
  url = {https://towardsdatascience.com/what-metrics-should-we-use-on-imbalanced-data-set-precision-recall-roc-e2e79252aeba},
  urldate = {2022-07-01}
}

@article{Jaitley_02_01_19,
  author = {Urvashi Jaitley},
  title = {Comparing Different Classification Machine Learning Models for an Imbalanced Dataset},
   journal = {Towards Data Science},
  year = 2019,
  url = {https://towardsdatascience.com/comparing-different-classification-machine-learning-models-for-an-imbalanced-dataset-fdae1af3677f},
  urldate = {2022-07-01}
}

@article{Ahamed_04_15_18,
  author = {Sabber Ahamed},
  title = {Three Important Techniques to Improve Learning Model Performance with Imbalanced Datasets},
   journal = {Towards Data Science},
  year = 2018,
  url = {https://towardsdatascience.com/working-with-highly-imbalanced-datasets-in-machine-learning-projects-c70c5f2a7b16},
  urldate = {2022-07-01}
}

@article{Sakar_TDS_08_25_2019,
  author = {Tirthajyoti Sarkar},
  title = {Integrating business optimization with a machine learning model},
   journal = {Towards Data Science},
  year = 2019,
  url = {https://towardsdatascience.com/integrating-business-optimization-with-a-machine-learning-model-ad0471420693},
  urldate = {2023-09-30},
  note = {About the business of machine learning, not machine learning for business.  Not useful for this paper.}
}

@article{MindTitan_TDS_05_15_2020,
  author = {MindTitan},
  title = {Developing Artificial Intelligence Assistant for Estonian Emergency Response Center},
   journal = {Digital Diplomacy},
  year = 2020,
  url = {https://medium.com/digital-diplomacy/developing-artificial-intelligence-assistant-for-estonian-emergency-response-center-13398e1de684},
  urldate = {2023-09-30},
  note = {News blurb about the Estonian Emergency Response Center testing whether an AI overhearing incoming emergency calls, where the "primary goal is to see if it is possible to create a prototype model using AI that could identify what kind of incident has happened, how serious this incident is, and help the dispatcher identify if it is necessary to ask for additional information to make sure that the most appropriate help is sent."}
}

