@INPROCEEDINGS{9342072,
  author={Hengyu, Zheng},
  booktitle={2021 IEEE International Conference on Consumer Electronics and Computer Engineering (ICCECE)}, 
  title={A New Cost-sensitive SVM Algorithm for Imbalanced Dataset}, 
  year={2021},
  volume={},
  number={},
  pages={402-407},
  doi={10.1109/ICCECE51280.2021.9342072}}
