@INPROCEEDINGS{9204948,
  author={Phankokkruad, Manop},
  booktitle={2020 10th IEEE International Conference on Control System, Computing and Engineering (ICCSCE)}, 
  title={Cost-Sensitive Extreme Gradient Boosting for Imbalanced Classification of Breast Cancer Diagnosis}, 
  year={2020},
  volume={},
  number={},
  pages={46-51},
  doi={10.1109/ICCSCE50387.2020.9204948}}
