@INPROCEEDINGS{5452631,
  author={Xu, Guixian and Niu, Zhendong and Gao, Xu and Cao, Yujuan and Zhao, Yumin},
  booktitle={2010 International Conference on Data Storage and Data Engineering}, 
  title={Active Learning Algorithm for Threshold of Decision Probability on Imbalanced Text Classification Based on Protein-Protein Interaction Documents}, 
  year={2010},
  volume={},
  number={},
  pages={78-82},
  doi={10.1109/DSDE.2010.28}}
