@INPROCEEDINGS{9189349,
  author={Chen, Lei and Zhu, Yuan},
  booktitle={2020 39th Chinese Control Conference (CCC)}, 
  title={A Composite Cost-Sensitive Neural Network for Imbalanced Classification}, 
  year={2020},
  volume={},
  number={},
  pages={7264-7268},
  doi={10.23919/CCC50068.2020.9189349}}
