@INPROCEEDINGS{10069008,
  author={Johnson, Justin M. and Khoshgoftaar, Taghi M.},
  booktitle={2022 21st IEEE International Conference on Machine Learning and Applications (ICMLA)}, 
  title={Cost-Sensitive Ensemble Learning for Highly Imbalanced Classification}, 
  year={2022},
  volume={},
  number={},
  pages={1427-1434},
  doi={10.1109/ICMLA55696.2022.00225}}
