@ARTICLE{ZHOU1549828,
  author={Zhi-Hua Zhou and Xu-Ying Liu},
  journal={IEEE Transactions on Knowledge and Data Engineering}, 
  title={Training cost-sensitive neural networks with methods addressing the class imbalance problem}, 
  year={2006},
  volume={18},
  number={1},
  pages={63-77},
  doi={10.1109/TKDE.2006.17}}
